@BOOK{SIPBook,
  title = {SIP, understanding the Session Initiation Protocol, Second Edition},
  publisher = {Artech House Publishers},
  year = {2003},
  author = {Alan B. Johnston},
  note = {ISBN: 1580536557}
}

@article{BSEN6232
    ,   author  = {British-Standard-Institution}
    ,   title   = {Part 2: Determination of density and porosity}
    ,   journal = {Advanced technical ceramics. Monolithic ceramics. Gerneral and textural properties.}
    ,   year    = {1993}
    ,   pages   = {1--16}
    ,   isbn    = {0580217728}
    ,   publisher   = {BSI}
    ,   institution = {British-Standard-Institution}
}

@STANDARD{rfcsip,
title = {SIP: Session Initiation Protocol},
author = {J. Rosenberg and H. Schulzrinne and G. Camarillo and A. Johnston
and J. Peterson and R. Sparks and M. Handley and E. Schooler},
howpublished = {RFC 3261 (Proposed Standard)},
number = {3261},
month = jun,
year = {2002},
note = {Updated by RFCs 3265, 3853, 4320, 4916, 5393},
url = {http://www.ietf.org/rfc/rfc3261.txt},
organisation = {Internet Engineering Task Force},
publisher = {IETF},
series = {Request for Comments}
}

@MANUAL{w3cwsdl,
  title = {Web Services Description Language (WSDL) 1.1},
  organization = {W3C},
  year = {2001},
  note = {\url{http://www.w3.org/TR/wsdl}}
}

@online{xrtFactSheet,
    title = {XRT Fact Sheet},
    url = {http://hinode.nao.ac.jp/xrt_e/fact_sheet_e.shtml}
}

@techreport{ISO13586,
    type = {Standard},
    key = {ISO 13586:2000(E)},
    month = mar,
    year = {2000},
    title = {{Plastics -- Determination of fracture toughness -- Linear elastic fracture mechanics ({LEFM}) approach}},
    volume = {2000},
    address = {Geneva, CH},
    institution = {International Organization for Standardization}
}
